<?xml version="1.0" encoding="UTF-8"?><collection xmlns="http://www.loc.gov/MARC21/slim"><record><leader>00485nam--2200181-u-4500</leader><controlfield tag="001">000051232</controlfield><controlfield tag="002">20161230</controlfield><controlfield tag="005">20161230201049</controlfield><controlfield tag="008">080603s1000------------r-----000-0-eng-d</controlfield><datafield ind1=" " ind2=" " tag="040"><subfield code="a">IFIN-HH</subfield></datafield><datafield ind1=" " ind2=" " tag="080"><subfield code="a">515</subfield></datafield><datafield ind1="1" ind2=" " tag="100"><subfield code="a">Donaldson,S.K</subfield></datafield><datafield ind1="1" ind2="0" tag="245"><subfield code="a">Floer Homology Groups in Yang-Mills Theory</subfield></datafield><datafield ind1=" " ind2=" " tag="260"><subfield code="a">Cambridge</subfield><subfield code="b">University Press</subfield><subfield code="c">2002</subfield></datafield><datafield ind1=" " ind2=" " tag="300"><subfield code="a">236 p</subfield></datafield><datafield ind1="I" ind2="n" tag="504"><subfield code="a">Includes Bibliiographical References and Index</subfield></datafield><datafield ind1=" " ind2=" " tag="852"><subfield code="a">81625</subfield><subfield code="c">513.73</subfield></datafield><datafield ind1=" " ind2=" " tag="CAT"><subfield code="a">Sys</subfield><subfield code="c">20080603</subfield><subfield code="h">113101</subfield></datafield></record></collection>